<record xmlns="http://www.loc.gov/MARC21/slim" xmlns:xsi="http://www.w3.org/2001/XMLSchema-instance" xsi:schemaLocation="http://www.loc.gov/MARC21/slim http://www.loc.gov/standards/marcxml/schema/MARC21slim.xsd"><leader>03221nam a2200517   4500</leader><controlfield tag="001">3122228</controlfield><controlfield tag="003">NNC</controlfield><controlfield tag="006">m        d        </controlfield><controlfield tag="007">cr cn |||m|||a</controlfield><controlfield tag="008">150223m18701872ua      o     000 0dara d</controlfield><datafield ind1=" " ind2=" " tag="040"><subfield code="a">NNU</subfield><subfield code="b">eng</subfield><subfield code="e">rda</subfield><subfield code="c">NNU</subfield></datafield><datafield ind1=" " ind2="4" tag="050"><subfield code="a">D152</subfield><subfield code="b">.A25 1871</subfield></datafield><datafield ind1=" " ind2="4" tag="050"><subfield code="a">PJ7805</subfield><subfield code="b">.A2</subfield></datafield><datafield ind1="1" ind2=" " tag="100"><subfield code="6">880-01</subfield><subfield code="a">Abu&#772; Sha&#772;mah, &#699;Abd al-Rah&#803;ma&#772;n ibn Isma&#772;&#699;i&#772;l,</subfield><subfield code="d">1203-1267.</subfield></datafield><datafield ind1="1" ind2="0" tag="240"><subfield code="6">880-02</subfield><subfield code="a">Rawd&#803;atain fi&#772; akhba&#772;r al-dawlatain</subfield></datafield><datafield ind1="1" ind2="0" tag="245"><subfield code="6">880-03</subfield><subfield code="a">Kita&#772;b al-rawd&#803;atain fi&#772; akhba&#772;r al-dawlatain /</subfield><subfield code="c">ta&#700;li&#772;f Shiha&#772;b al-Di&#772;n Abi&#772; Muh&#803;ammad &#699;Abd al-Rah&#803;ma&#772;n ibn Isma&#772;&#699;i&#772;l ibn Ibra&#772;hi&#772;m al-Maqdisi&#772; al-Sha&#772;fi&#699;i&#772;.</subfield></datafield><datafield ind1=" " ind2=" " tag="250"><subfield code="6">880-04</subfield><subfield code="a">T&#803;ab&#699;ah jadi&#772;dah.</subfield></datafield><datafield ind1=" " ind2=" " tag="260"><subfield code="6">880-05</subfield><subfield code="a">al-Qa&#772;hirah :</subfield><subfield code="b">Mat&#803;ba&#699;at Wa&#772;di&#772; al-Ni&#772;l,</subfield><subfield code="c">1287-88. [1870 or 71-1871 or 72]</subfield></datafield><datafield ind1=" " ind2=" " tag="300"><subfield code="a">online resource (2 volumes in 1.)</subfield></datafield><datafield ind1=" " ind2=" " tag="336"><subfield code="a">text</subfield><subfield code="2">rdacontent</subfield></datafield><datafield ind1=" " ind2=" " tag="337"><subfield code="a">computer</subfield><subfield code="2">rdamedia</subfield></datafield><datafield ind1=" " ind2=" " tag="338"><subfield code="a">online resource</subfield><subfield code="2">rdacarrier</subfield></datafield><datafield ind1=" " ind2=" " tag="500"><subfield code="a">A history of the reigns of sultans Nu&#772;r al-Di&#772;n and S&#803;ala&#772;h&#803; al-Di&#772;n, including a reproduction, almost in its entirety of the biography of S&#803;ala&#772;h&#803; al-Di&#772;n by Ibn Abi&#772; Taiy&#699;--cf. Encyclopaedia of Islam.</subfield></datafield><datafield ind1=" " ind2=" " tag="500"><subfield code="a">Part of the Arabic Collections Online (ACO) project, contributed by Columbia University Libraries.</subfield></datafield><datafield ind1=" " ind2=" " tag="533"><subfield code="a">Electronic reproduction.</subfield><subfield code="b">New York, N.Y. :</subfield><subfield code="c">New York University,</subfield><subfield code="d">2015.</subfield><subfield code="5">NNU</subfield></datafield><datafield ind1="0" ind2="0" tag="600"><subfield code="a">Saladin,</subfield><subfield code="c">Sultan of Egypt and Syria,</subfield><subfield code="d">1137-1193.</subfield></datafield><datafield ind1="0" ind2="0" tag="600"><subfield code="a">Nu&#772;r al-Di&#772;n,</subfield><subfield code="c">Atabeg of Syria,</subfield><subfield code="d">1118-1174.</subfield></datafield><datafield ind1=" " ind2="0" tag="650"><subfield code="a">Crusades</subfield><subfield code="v">Sources.</subfield></datafield><datafield ind1="0" ind2="7" tag="600"><subfield code="a">Nu&#772;r al-Di&#772;n,</subfield><subfield code="c">Atabeg of Syria,</subfield><subfield code="d">1118-1174</subfield><subfield code="2">fast</subfield><subfield code="0">(OCoLC)fst00135123</subfield></datafield><datafield ind1="0" ind2="7" tag="600"><subfield code="a">Saladin,</subfield><subfield code="c">Sultan of Egypt and Syria,</subfield><subfield code="d">1137-1193</subfield><subfield code="2">fast</subfield><subfield code="0">(OCoLC)fst00103416</subfield></datafield><datafield ind1=" " ind2="7" tag="650"><subfield code="a">Crusades.</subfield><subfield code="2">fast</subfield><subfield code="0">(OCoLC)fst00884401</subfield></datafield><datafield ind1=" " ind2="7" tag="655"><subfield code="a">Sources.</subfield><subfield code="2">fast</subfield><subfield code="0">(OCoLC)fst01423900</subfield></datafield><datafield ind1="0" ind2=" " tag="700"><subfield code="6">880-06</subfield><subfield code="a">Ibn Abi&#772; T&#803;aiy&#699;.</subfield></datafield><datafield ind1="2" ind2=" " tag="710"><subfield code="a">Columbia University.</subfield><subfield code="b">Libraries.</subfield></datafield><datafield ind1="0" ind2=" " tag="730"><subfield code="a">Arabic Collections Online.</subfield></datafield><datafield ind1="0" ind2="8" tag="776"><subfield code="i">Online version:</subfield><subfield code="a">Abu&#772; Sha&#772;mah, &#699;Abd al-Rah&#803;ma&#772;n ibn Isma&#772;&#699;i&#772;l, 1203-1267.</subfield><subfield code="s">Rawd&#803;atain fi&#772; akhba&#772;r al-dawlatain.</subfield><subfield code="t">Kita&#772;b al-rawd&#803;atain fi&#772; akhba&#772;r al-dawlatain.</subfield><subfield code="b">T&#803;ab&#699;ah jadi&#772;dah.</subfield><subfield code="d">al-Qa&#772;hirah : Mat&#803;ba&#699;at Wa&#772;di&#772; al-Ni&#772;l, 1287-88. [1870 or 71-1871 or 72]</subfield><subfield code="w">(OCoLC)891851368</subfield></datafield><datafield ind1="0" ind2="8" tag="776"><subfield code="i">Print version:</subfield><subfield code="a">Abu&#772; Sha&#772;mah, &#699;Abd al-Rah&#803;ma&#772;n ibn Isma&#772;&#699;i&#772;l, 1203-1267.</subfield><subfield code="t">Kita&#772;b al-rawd&#803;atain fi&#772; akhba&#772;r al-dawlatain</subfield><subfield code="w">(NNC)3122228</subfield><subfield code="w">(OCoLC)31618357</subfield></datafield><datafield ind1="4" ind2="0" tag="856"><subfield code="u">http://hdl.handle.net/2333.1/9zw3r3w1</subfield></datafield><datafield ind1="1" ind2=" " tag="880"><subfield code="6">100-01/r</subfield><subfield code="a">&#1575;&#1576;&#1608; &#1588;&#1575;&#1605;&#1577;&#1548; &#1593;&#1576;&#1583; &#1575;&#1604;&#1585;&#1581;&#1605;&#1606; &#1576;&#1606; &#1575;&#1587;&#1605;&#1575;&#1593;&#1610;&#1604;&#1548;,</subfield><subfield code="d">1203-1267.</subfield></datafield><datafield ind1="1" ind2="0" tag="880"><subfield code="6">240-02/r</subfield><subfield code="a">&#1585;&#1608;&#1590;&#1578;&#1606; &#1601;&#1610; &#1575;&#1582;&#1576;&#1575;&#1585; &#1575;&#1604;&#1583;&#1608;&#1604;&#1578;&#1606;</subfield></datafield><datafield ind1="1" ind2="0" tag="880"><subfield code="6">245-03/r</subfield><subfield code="a">&#1603;&#1578;&#1575;&#1576; &#1575;&#1604;&#1585;&#1608;&#1590;&#1578;&#1606; &#1601;&#1610; &#1575;&#1582;&#1576;&#1575;&#1585; &#1575;&#1604;&#1583;&#1608;&#1604;&#1578;&#1606; /</subfield><subfield code="c">&#1578;&#1571;&#1604;&#1610;&#1601; &#1588;&#1607;&#1575;&#1576; &#1575;&#1604;&#1583;&#1610;&#1606; &#1575;&#1576;&#1610; &#1605;&#1581;&#1605;&#1583; &#1593;&#1576;&#1583; &#1575;&#1604;&#1585;&#1581;&#1605;&#1606; &#1576;&#1606; &#1575;&#1587;&#1605;&#1575;&#1593;&#1610;&#1604; &#1576;&#1606; &#1575;&#1576;&#1585;&#1575;&#1607;&#1610;&#1605; &#1575;&#1604;&#1605;&#1602;&#1583;&#1587;&#1610; &#1575;&#1604;&#1588;&#1575;&#1601;&#1593;&#1610;.</subfield></datafield><datafield ind1=" " ind2=" " tag="880"><subfield code="6">250-04/r</subfield><subfield code="a">&#1591;&#1576;&#1593;&#1577; &#1580;&#1583;&#1610;&#1583;&#1577;.</subfield></datafield><datafield ind1=" " ind2=" " tag="880"><subfield code="6">260-05/r</subfield><subfield code="a">&#1575;&#1604;&#1602;&#1575;&#1607;&#1585;&#1577; :</subfield><subfield code="b">&#1605;&#1591;&#1576;&#1593;&#1577; &#1608;&#1575;&#1583;&#1610; &#1575;&#1604;&#1606;&#1610;&#1604;&#1548;</subfield><subfield code="c">1287-88. [1870 or 71-1871 or 72]</subfield></datafield><datafield ind1="0" ind2=" " tag="880"><subfield code="6">700-06/r</subfield><subfield code="a">&#1575;&#1576;&#1606; &#1575;&#1576;&#1610; &#1591;&#1610;&#1593;.</subfield></datafield><datafield ind1=" " ind2=" " tag="959"><subfield code="a">NNU</subfield><subfield code="b">WEB</subfield><subfield code="c">GENI</subfield><subfield code="t">0</subfield><subfield code="m">Electronic access</subfield><subfield code="s">01</subfield></datafield><datafield ind1=" " ind2=" " tag="999"><subfield code="i">NNC_3122228</subfield><subfield code="o">(OCoLC)31618357</subfield><subfield code="e">OK</subfield><subfield code="s">columbia_aco000012</subfield></datafield></record>